<?xml version="1.0" encoding="UTF-8"?><collection xmlns="http://www.loc.gov/MARC21/slim"><record><leader>00363nam--2200133-i-4500</leader><controlfield tag="001">000049196</controlfield><controlfield tag="002">20161230</controlfield><controlfield tag="005">20161230201047</controlfield><controlfield tag="008">060222s1000------------r-----000-0-eng-d</controlfield><datafield ind1=" " ind2=" " tag="080"><subfield code="a">621.384.6</subfield></datafield><datafield ind1=" " ind2=" " tag="245"><subfield code="a">Particle accelerators. translated by w.summer</subfield></datafield><datafield ind1=" " ind2=" " tag="260"><subfield code="a">London, Sir Isaac Pitman And Sons Ltd., 1967, Xiii+337p</subfield></datafield><datafield ind1=" " ind2=" " tag="700"><subfield code="a">Kollath,Rudolph</subfield></datafield><datafield ind1=" " ind2=" " tag="852"><subfield code="a">25584</subfield></datafield></record></collection>